<record><leader>00000cas a2200000 a 4500</leader><controlfield tag="001">21947784</controlfield><controlfield tag="008">900629d19561959iluwr ne      0   a0eng c</controlfield><datafield ind1=" " ind2=" " tag="010"><subfield code="a">sn 90054606 </subfield></datafield><datafield ind1=" " ind2=" " tag="040"><subfield code="a">NVF</subfield><subfield code="b">eng</subfield><subfield code="c">NVF</subfield><subfield code="d">NVF</subfield><subfield code="d">OCLCQ</subfield><subfield code="d">OCLCF</subfield><subfield code="d">OCLCO</subfield><subfield code="d">NVF</subfield></datafield><datafield ind1=" " ind2=" " tag="042"><subfield code="a">pcc</subfield></datafield><datafield ind1=" " ind2=" " tag="043"><subfield code="a">n-us-il</subfield></datafield><datafield ind1="0" ind2=" " tag="130"><subfield code="a">Hopedale journal (Hopedale, Ill. : 1958)</subfield></datafield><datafield ind1="1" ind2="4" tag="245"><subfield code="a">The Hopedale journal.</subfield></datafield><datafield ind1=" " ind2=" " tag="260"><subfield code="a">Hopedale, Ill. :</subfield><subfield code="b">Ken and Lucy MacLeod</subfield></datafield><datafield ind1=" " ind2=" " tag="300"><subfield code="a">v.</subfield></datafield><datafield ind1=" " ind2=" " tag="310"><subfield code="a">Weekly</subfield></datafield><datafield ind1="1" ind2=" " tag="362"><subfield code="a">Began in 1956? Ceased in 1959.</subfield></datafield><datafield ind1=" " ind2=" " tag="580"><subfield code="a">Merged with: Minier news, and: Mackinaw journal, to form: Mackinaw Valley news.</subfield></datafield><datafield ind1=" " ind2=" " tag="588"><subfield code="a">Description based on: Vol. 3, no. 19 (May 9, 1958).</subfield></datafield><datafield ind1=" " ind2=" " tag="588"><subfield code="a">Latest issue consulted: Sept. 25, 1959.</subfield></datafield><datafield ind1=" " ind2="0" tag="651"><subfield code="a">Hopedale (Ill.)</subfield><subfield code="v">Newspapers.</subfield></datafield><datafield ind1=" " ind2="7" tag="651"><subfield code="a">Illinois</subfield><subfield code="z">Hopedale.</subfield><subfield code="2">fast</subfield><subfield code="0">(OCoLC)fst01234668</subfield></datafield><datafield ind1=" " ind2="7" tag="655"><subfield code="a">Newspapers.</subfield><subfield code="2">fast</subfield><subfield code="0">(OCoLC)fst01423814</subfield></datafield><datafield ind1=" " ind2=" " tag="752"><subfield code="a">United States</subfield><subfield code="b">Illinois</subfield><subfield code="c">Tazewell</subfield><subfield code="d">Hopedale.</subfield></datafield><datafield ind1="1" ind2="7" tag="785"><subfield code="t">Minier news</subfield><subfield code="w">(DLC)sn 93055918</subfield><subfield code="w">(OCoLC)28240356</subfield></datafield><datafield ind1="1" ind2="7" tag="785"><subfield code="t">Mackinaw journal (Mackinaw, Ill.)</subfield><subfield code="w">(DLC)sn2001063249</subfield><subfield code="w">(OCoLC)47835409</subfield></datafield><datafield ind1="1" ind2="7" tag="785"><subfield code="t">Mackinaw Valley news</subfield><subfield code="w">(DLC)sn 90054611</subfield><subfield code="w">(OCoLC)22143996</subfield></datafield><datafield ind1="1" ind2=" " tag="029"><subfield code="a">AU@</subfield><subfield code="b">000020658264</subfield></datafield></record>